@book{aggarwal2025oxford,
  title={The Oxford Handbook of Geoeconomics and Economic Statecraft},
  author={Aggarwal, Vinod K and Cheung, Tai Ming},
  year={2025},
  publisher={Oxford University Press}
}
@book{angell1910,
  author    = {Angell, Norman},
  title     = {The Great Illusion},
  year      = {1910},
  publisher = {G. P. Putnam’s Sons},
  address   = {New York}
}


@report{arriola2024,
  title        = {Towards Demystifying Trade Dependencies: At What Point Do Trade Linkages Become a Concern?},
  author       = {Arriola, Christine and Cai, Mattia and Kowalski, Przemyslaw and Miroudot, Sébastien and van Tongeren, Frank},
  year         = {2024},
  institution  = {Organisation for Economic Co-operation and Development (OECD)},
  number       = {OECD Trade Policy Paper No. 280},
  doi          = {https://doi.org/10.1787/2a1a2bb9-en}
}


@book{baldwin2020statecraft,
  title        = {Economic Statecraft: New Edition},
  author       = {Baldwin, David A.},
  year         = {2020},
  publisher    = {Princeton University Press},
  address      = {Princeton, NJ},
  pages        = {1--496}
}


@article{barbieri1996economic,
  title={Economic interdependence: A path to peace or a source of interstate conflict?},
  author={Barbieri, Katherine},
  journal={Journal of Peace Research},
  volume={33},
  number={1},
  pages={29--49},
  year={1996},
  publisher={Sage Publications 6 Bonhill Street, London EC2A 4PU, UK}
}


@article{beaumier2024cross,
  title={Cross-network weaponization in the semiconductor supply chain},
  author={Beaumier, Guillaume and Cartwright, Madison},
  journal={International Studies Quarterly},
  volume={68},
  number={1},
  pages={sqae003},
  year={2024},
  publisher={Oxford University Press}
}


@book{blackwill2016war,
  title={War by other means: Geoeconomics and statecraft},
  author={Blackwill, Robert D and Harris, Jennifer M},
  year={2016},
  publisher={Harvard University Press}
}

@article{boschee2015icews,
  title={ICEWS coded event data},
  author={Boschee, Elizabeth and Lautenschlager, Jennifer and O’Brien, Sean and Shellman, Steve and Starz, James and Ward, Michael},
  journal={Harvard Dataverse},
  volume={12},
  number={2},
  year={2015}
}

@article{brooks2024trade,
  title={The Trade Truce?: When Economic Interdependence Does-and Doesn't-Promote Peace},
  author={Brooks, Stephen G},
  journal={Foreign Aff.},
  volume={103},
  pages={141},
  year={2024},
  publisher={HeinOnline}
}

@incollection{chang2017economic,
  title={Economic interdependence and conflict},
  author={Chang, Hyo Joon and Kastner, Scott L},
  booktitle={Oxford Research Encyclopedia of Politics},
  year={2017}
}
@article{chatagnier2017,
  author  = {Chatagnier, J. Tyson and Kavaklı, Kerim Can},
  title   = {From Economic Competition to Military Combat: Export Similarity and International Conflict},
  journal = {Journal of Conflict Resolution},
  year    = {2017},
  volume  = {61},
  number  = {7},
  pages   = {1510--1536},
  doi     = {10.1177/0022002715600759}
}

@article{chen2023wars,
  title={“Wars without gun smoke”: Global supply chains, power transitions, and economic statecraft},
  author={Chen, Ling S and Evers, Miles M},
  journal={International Security},
  volume={48},
  number={2},
  pages={164--204},
  year={2023},
  publisher={MIT Press One Broadway, 12th Floor, Cambridge, Massachusetts 02142, USA~…}
}

@report{chimits2024,
  title        = {European Economic Security: Current Practices and Further Development},
  author       = {Chimits, François and McCaffrey, Conor and Mejino Lopez, Juan and Poitiers, Niclas Frederic and Vicard, Vincent and Wibaux, Pauline},
  year         = {2024},
  institution  = {European Parliament, Directorate General for External Policies of the Union},
  type         = {Policy Department Study},
  number       = {PE 754.449},
  address      = {Brussels},
  month        = {April},
  note         = {Policy Department for External Relations},
  url          = {https://www.europarl.europa.eu/RegData/etudes/STUD/2024/754449/EXPO_STU(2024)754449_EN.pdf}
}

@article{choi2023does,
  title={When does liberal peace fail? Trade and nationalism},
  author={Choi, Seung-Whan},
  journal={Review of International Political Economy},
  volume={30},
  number={5},
  pages={1907--1932},
  year={2023},
  publisher={Taylor \& Francis}
}

@book{copeland2014,
  author    = {Copeland, Dale C.},
  title     = {Economic Interdependence and War},
  year      = {2014},
  publisher = {Princeton University Press},
  address   = {Princeton, NJ}
}

@article{copeland2022trade,
  title={When Trade Leads to War},
  author={Copeland, Dale C},
  journal={Foreign Affairs},
  year={2022}
}

@article{ding2021logic,
  title={The logic of strategic assets: From oil to AI},
  author={Ding, Jeffrey and Dafoe, Allan},
  journal={Security Studies},
  volume={30},
  number={2},
  pages={182--212},
  year={2021},
  publisher={Taylor \& Francis}
}

@book{drezner2021uses,
  title={The uses and abuses of weaponized interdependence},
  author={Drezner, Daniel W and Farrell, Henry and Newman, Abraham L},
  year={2021},
  publisher={Brookings Institution Press}
}

@article{dorussen2006heterogeneous,
  title={Heterogeneous trade interests and conflict: What you trade matters},
  author={Dorussen, Han},
  journal={Journal of Conflict Resolution},
  volume={50},
  number={1},
  pages={87--107},
  year={2006},
  publisher={Sage Publications Sage CA: Thousand Oaks, CA}
}

@misc{eu2023economicsecurity,
  title        = {Joint Communication on European Economic Security Strategy},
  author       = {{European Commission} and {High Representative of the Union for Foreign Affairs and Security Policy}},
  year         = {2023},
  month        = {June},
  note         = {JOIN(2023) 20 final, Brussels, 20 June 2023},
  url          = {https://eur-lex.europa.eu/legal-content/EN/TXT/PDF/?uri=CELEX:52023JC0020}
}

@article{ferguson2025states,
  title={States, Firms, and Geoeconomic Agency: The Role of Private Business in Economic Statecraft and Security},
  author={Ferguson, Victor A and Moraes, Henrique Choer and Wigell, Mikael},
  journal={Law \& Geoeconomics},
  volume={1},
  number={1},
  pages={5--23},
  year={2025},
  publisher={Brill}
}

@article{gartzke2007,
  author  = {Gartzke, Erik},
  title   = {The Capitalist Peace},
  journal = {American Journal of Political Science},
  year    = {2007},
  volume  = {51},
  number  = {1},
  pages   = {166--191}
}

@article{gholz2021market,
  title={Market structure and economic sanctions: the 2010 rare earth elements episode as a pathway case of market adjustment},
  author={Gholz, Eugene and Hughes, Llewelyn},
  journal={Review of International Political Economy},
  volume={28},
  number={3},
  pages={611--634},
  year={2021},
  publisher={Taylor \& Francis}
}


@article{gelpi2008,
  author  = {Gelpi, Christopher F. and Grieco, Joseph M.},
  title   = {Democracy, Interdependence, and the Sources of the Liberal Peace},
  journal = {Journal of Peace Research},
  year    = {2008},
  volume  = {45},
  number  = {1},
  pages   = {17--36}
}


@article{goenner2010toys,
  title={From toys to warships: Interdependence and the effects of disaggregated trade on militarized disputes},
  author={Goenner, Cullen F.},
  journal={Journal of Peace Research},
  volume={47},
  number={5},
  pages={547--559},
  year={2010},
  publisher={Sage Publications Sage UK: London, England}
}

@article{goldstein1992,
 author = {Joshua S. Goldstein},
 journal = {The Journal of Conflict Resolution},
 number = {2},
 pages = {369--385},
 publisher = {Sage Publications, Inc.},
 title = {A Conflict-Cooperation Scale for WEIS Events Data},
 volume = {36},
 year = {1992}
}


@book{hausmann2014atlas,
  title={The atlas of economic complexity: Mapping paths to prosperity},
  author={Hausmann, Ricardo and Hidalgo, C{\'e}sar A and Bustos, Sebasti{\'a}n and Coscia, Michele and Simoes, Alexander},
  year={2014},
  publisher={MIT Press}
}

@book{hirschman1980,
  author    = {Hirschman, Albert O.},
  title     = {National Power and the Structure of Foreign Trade},
  year      = {1980},
  publisher = {University of California Press},
  address   = {Berkeley, CA}
}


@article{jager2018limits,
  title={The limits of studying networks via event data: Evidence from the ICEWS dataset},
  author={J{\"a}ger, Kai},
  journal={Journal of Global Security Studies},
  volume={3},
  number={4},
  pages={498--511},
  year={2018},
  publisher={Oxford University Press}
}

@misc{japanESPA2022,
  title = {Act on the Promotion of Ensuring Security by Integrating Economic Measures (Economic Security Promotion Act)},
  author={{National Diet of Japan}},  
  year = {2022},
  howpublished = {\url{https://www.cao.go.jp/keizai_anzen_hosho/suishinhou/suishinhou.html}},
  note = {Act No. 43 of Reiwa 4, Cabinet Office, Government of Japan},
  institution  = {Government of Japan}
}

@book{katada2022east,
  title={East Asia's rising geoeconomics and the strategy for Japan},
  author={Katada, Saori N},
  year={2022},
  publisher={JSTOR}
}

@book{keohane2012power,
  title     = {Power and Interdependence},
  author    = {Keohane, Robert O. and Nye, Joseph S.},
  year      = {2012},
  publisher = {Pearson},
  address   = {New York}
}

@incollection{keohane2020globalization,
  title={Globalization: What's new? What's not?(And so what?)},
  author={Keohane, Robert O and Nye, Joseph S},
  booktitle={Making policy happen},
  pages={105--113},
  year={2020},
  publisher={Routledge}
}

@article{kim2020measuring,
  title     = {Measuring Trade Profile with Granular Product-Level Data},
  author    = {Kim, I. S. and Liao, S. and Imai, K.},
  journal   = {American Journal of Political Science},
  volume    = {64},
  number    = {1},
  pages     = {102--117},
  year      = {2020},
  publisher = {Wiley Online Library}
}


@article{kim2024us,
  title={The US--China chip war, economy--security nexus, and Asia},
  author={Kim, Y. and Rho, S.},
  journal={Journal of Chinese Political Science},
  volume={29},
  number={3},
  pages={433--460},
  year={2024},
  publisher={Springer}
}

@article{kinne2024network,
  title={Network context and the effectiveness of international agreements},
  author={Kinne, Brandon J},
  journal={International Studies Quarterly},
  volume={68},
  number={3},
  pages={sqae099},
  year={2024},
  publisher={Oxford University Press}
}



@article{lee2024us,
  title={US-China technology competition and the emergence of techno-economic statecraft in east Asia: high technology and economic-security nexus},
  author={Lee, Seungjoo},
  journal={Journal of Chinese Political Science},
  volume={29},
  number={3},
  pages={397--416},
  year={2024},
  publisher={Springer}
}

@article{levy2023systemic,
  title={Systemic effects of economic interdependence and the militarisation of diplomacy: 1914 and beyond},
  author={Levy, Jack S and Mulligan, William},
  journal={Journal of Strategic Studies},
  volume={46},
  number={5},
  pages={894--920},
  year={2023},
  publisher={Taylor \& Francis}
}

@article{mcdonald2007,
  author  = {McDonald, Patrick J.},
  title   = {The Purse Strings of Peace},
  journal = {American Journal of Political Science},
  year    = {2007},
  volume  = {51},
  number  = {3},
  pages   = {569--582}
}


@article{oneal1997,
  author  = {Oneal, John R. and Russett, Bruce M.},
  title   = {The Classical Liberals Were Right: Democracy, Interdependence, and Conflict, 1950–1985},
  journal = {International Studies Quarterly},
  year    = {1997},
  volume  = {41},
  number  = {2},
  pages   = {267--293}
}



@article{pearson2022china,
  title={China's party-state capitalism and international backlash: From interdependence to insecurity},
  author={Pearson, Margaret M and Rithmire, Meg and Tsai, Kellee S},
  journal={International Security},
  volume={47},
  number={2},
  pages={135--176},
  year={2022},
  publisher={MIT Press One Broadway, 12th Floor, Cambridge, Massachusetts 02142, USA~…}
}


@article{pempel2022sources,
  title={Sources of peace in East Asia: interdependence, institutions, and middle powers},
  author={Pempel, TJ},
  journal={The Pacific Review},
  volume={35},
  number={6},
  pages={1010--1027},
  year={2022},
  publisher={Taylor \& Francis}
}
@article{peterson2021sanctions,
  title={Sanctions and third-party compliance with US foreign policy preferences: An analysis of dual-use trade},
  author={Peterson, Timothy M},
  journal={Journal of Conflict Resolution},
  volume={65},
  number={10},
  pages={1820--1846},
  year={2021},
  publisher={SAGE Publications Sage CA: Los Angeles, CA}
}

@article{peterson2021conflict,
  title={Conflict and cooperation with trade partners},
  author={Peterson, Timothy M and Zeng, Yuleng},
  journal={International Interactions},
  volume={47},
  number={2},
  pages={266--290},
  year={2021},
  publisher={Taylor \& Francis}
}

@article{petersonwen2021,
  author  = {Peterson, Timothy M. and Wen, Sheng},
  title   = {International Trade, Cooperation, and Conflict: The Role of Institutions and Capabilities},
  journal = {Foreign Policy Analysis},
  year    = {2021},
  volume  = {17},
  number  = {4},
  pages   = {orab027},
}

@book{peterson2016,
  author    = {Peterson, Timothy M. and Thies, Cameron G.},
  title     = {Intra-Industry Trade: Cooperation and Conflict in the Global Political Economy},
  year      = {2016},
  publisher = {Stanford University Press},
  address   = {Stanford, CA}
}


@article{peterson2021zeng,
  author  = {Peterson, Timothy M. and Zeng, Yi},
  title   = {Conflict and Cooperation with Trade Partners},
  journal = {International Interactions},
  year    = {2021},
  volume  = {47},
  number  = {2},
  pages   = {266--290}
}


@article{reuveny1998bilateral,
  title={Bilateral trade and political conflict/cooperation: do goods matter?},
  author={Reuveny, Rafael and Kang, Heejoon},
  journal={Journal of Peace Research},
  volume={35},
  number={5},
  pages={581--602},
  year={1998},
  publisher={Sage Publications 6-8 Bonhill Street, London EC2A 4PU}
}

@article{russett1998third,
  title={The third leg of the Kantian tripod for peace: International organizations and militarized disputes, 1950--85},
  author={Russett, Bruce and Oneal, John R and Davis, David R},
  journal={International Organization},
  volume={52},
  number={3},
  pages={441--467},
  year={1998},
  publisher={Cambridge University Press}
}

@book{schelling2008arms,
  title={Arms and influence},
  author={Schelling, Thomas C},
  booktitle={Strategic Studies},
  pages={96--114},
  year={2008},
  publisher={Routledge}
}

@book{solingen2021,
  author    = {Solingen, Etel},
  title     = {Geopolitics, Supply Chains, and International Relations in East Asia},
  year      = {2021},
  publisher = {Cambridge University Press},
  address   = {New York}
}


@article{solingen2025global,
  title={Global value chains in a brave new world of geopolitics},
  author={Solingen, Etel},
  journal={Journal of Political Power},
  pages={1--13},
  year={2025},
  publisher={Taylor \& Francis}
}

@misc{uscongresschips2022,
  title        = {CHIPS and Science Act of 2022},
  author       = {{U.S. Congress}},
  year         = {2022},
  note         = {Public Law No: 117-167, 117th Congress (2021–2022)},
  url          = {https://www.congress.gov/bill/117th-congress/house-bill/4346}
}

@misc{uscongressira2022,
  title        = {Inflation Reduction Act of 2022},
  author       = {{U.S. Congress}},
  year         = {2022},
  note         = {Public Law No: 117-169, 117th Congress (2021–2022)},
  url          = {https://www.congress.gov/bill/117th-congress/house-bill/5376}
}

@article{vekasi2021geoeconomics,
  title={The geoeconomics of critical rare earth minerals},
  author={Vekasi, Kristin},
  journal={Georgetown Journal of International Affairs},
  volume={22},
  number={2},
  pages={271--279},
  year={2021},
  publisher={Johns Hopkins University Press}
}

@article{zeng2024microchips,
  title={Microchips and sneakers: Bilateral trade, shifting power, and interstate conflict},
  author={Zeng, Yuleng},
  journal={Journal of Peace Research},
  volume={61},
  number={4},
  pages={659--672},
  year={2024},
  publisher={SAGE Publications Sage UK: London, England}
}
